@article{di2016multi,
  title={Multi-year persistence of the 2014/15 North Pacific marine heatwave},
  author={Di Lorenzo, Emanuele and Mantua, Nathan},
  journal={Nature Climate Change},
  volume={6},
  number={11},
  pages={1042--1047},
  year={2016},
  publisher={Nature Publishing Group}
}

@article{lee2007euphotic,
  title={Euphotic zone depth: Its derivation and implication to ocean-color remote sensing},
  author={Lee, ZhongPing and Weidemann, Alan and Kindle, John and Arnone, Robert and Carder, Kendall L.},
  journal={J. Geophys. Res.},
  volume={112},
  year={2007},
  url={doi:10.1029/2006JC003802}
}

@inproceedings{kour2014real,
  title={Real-time segmentation of on-line handwritten arabic script},
  author={Kour, George and Saabne, Raid},
  booktitle={Frontiers in Handwriting Recognition (ICFHR), 2014 14th International Conference on},
  pages={417--422},
  year={2014},
  organization={IEEE}
}

@inproceedings{kour2014fast,
  title={Fast classification of handwritten on-line Arabic characters},
  author={Kour, George and Saabne, Raid},
  booktitle={Soft Computing and Pattern Recognition (SoCPaR), 2014 6th International Conference of},
  pages={312--318},
  year={2014},
  organization={IEEE}
}

@article{hadash2018estimate,
  title={Estimate and Replace: A Novel Approach to Integrating Deep Neural Networks with Existing Applications},
  author={Hadash, Guy and Kermany, Einat and Carmeli, Boaz and Lavi, Ofer and Kour, George and Jacovi, Alon},
  journal={arXiv preprint arXiv:1804.09028},
  year={2018}
}

@article{liu2015multivariable,
  title={Multivariable integration method for estimating sea surface salinity in coastal waters from in situ data and remotely sensed data using random forest algorithm},
  author={Liu, Meiling and Liu, Xiangnan and Liu, Da and Ding, Chao and Jiang, Jiale},
  journal={Computers \& geosciences},
  volume={75},
  pages={44--56},
  year={2015},
  publisher={Elsevier}
}

@misc{nasa2014moderate,
  title={Moderate-resolution Imaging Spectroradiometer (MODIS) Aqua and Terra ocean color data},
  author={NASA Goddard Space Flight Center, Ocean Ecology Laboratory, Ocean Biology Processing Group},
  year={2014},
  publisher={NASA OB. DAAC Greenbelt, MD, USA}
}

@misc{nwfsc2011sonar,
    title={Water Column Sonar Data Collection (SH1103, EK60), National Centers for Environmental Information, NOAA},
    author={NWFSC},
    year={2011},
    publisher={National Centers for Environmental Information, NOAA},
    note={National Centers for Environmental Information, NOAA. doi:10.7289/V53J39XH. Accessed: 2017-01-01},
    url={doi:10.7289/V53J39XH},
    urldate={2017-01-01}
}

@misc{nwfsc2012sonar,
    title={Water Column Sonar Data Collection (SH1204, EK60), National Centers for Environmental Information, NOAA},
    author={NWFSC},
    year={2012},
    publisher={National Centers for Environmental Information, NOAA},
    note={National Centers for Environmental Information, NOAA. doi:10.7289/V5ZS2TF7. Accessed: 2017-01-01},
    url={doi:10.7289/V5ZS2TF7},
    urldate={2017-01-01}
}

@misc{nwfsc2013sonar,
    title={Water Column Sonar Data Collection (SH1305, EK60), National Centers for Environmental Information, NOAA},
    author={NWFSC},
    year={2013},
    publisher={National Centers for Environmental Information, NOAA},
    note={National Centers for Environmental Information, NOAA. doi:10.7289/V57942N7. Accessed: 2017-01-01},
    url={doi:10.7289/V57942N7},
    urldate={2017-01-01}
}

@misc{nwfsc2015sonar,
    title={Water Column Sonar Data Collection (SH1507, EK60), National Centers for Environmental Information, NOAA},
    author={NWFSC},
    year={2015},
    publisher={National Centers for Environmental Information, NOAA},
    note={National Centers for Environmental Information, NOAA. doi:10.7289/V5D50JZQ. Accessed: 2017-01-01},
    url={doi:10.7289/V5D50JZQ},
    urldate={2017-01-01}
}

@book{simmonds2008fisheries,
  title={Fisheries acoustics: theory and practice},
  author={Simmonds, John and MacLennan, David N},
  year={2008},
  publisher={John Wiley \& Sons}
}

@article{foote1987calibration,
  title={Calibration of acoustic instruments for fish density estimation: A practical guide.},
  author={Foote, Ken G and Knudsen, Hans P and Vestness, Gudmund and Maclennan, David N and Simmonds, John},
  journal={ICES Cooperative Research Report},
  volume={144},
  pages={1--69},
  year={1987}
}

@article{de2007post,
  title={A post-processing technique to estimate the signal-to-noise ratio and remove echosounder background noise},
  author={De Robertis, Alex and Higginbottom, Ian},
  journal={ICES Journal of Marine Science},
  volume={64},
  number={6},
  pages={1282--1291},
  year={2007},
  publisher={Oxford University Press}
}

@article{ryan2015reducing,
  title={Reducing bias due to noise and attenuation in open-ocean echo integration data},
  author={Ryan, Tim E and Downie, Ryan A and Kloser, Rudy J and Keith, Gordon},
  journal={ICES Journal of Marine Science},
  volume={72},
  number={8},
  pages={2482--2493},
  year={2015},
  publisher={Oxford University Press}
}

@article{song2015learning,
  title={Learning-based algal bloom event recognition for oceanographic decision support system using remote sensing data},
  author={Song, Weilong and Dolan, John M and Cline, Danelle and Xiong, Guangming},
  journal={Remote Sensing},
  volume={7},
  number={10},
  pages={13564--13585},
  year={2015},
  publisher={Multidisciplinary Digital Publishing Institute}
}

@article{maclennan2002consistent,
  title={A consistent approach to definitions and symbols in fisheries acoustics},
  author={MacLennan, David N and Fernandes, Paul G and Dalen, John},
  journal={ICES Journal of Marine Science},
  volume={59},
  number={2},
  pages={365--369},
  year={2002},
  publisher={Oxford University Press}
}

@article{benoit2001target,
  title={Target strength measurements of Hawaiian mesopelagic boundary community animals},
  author={Benoit-Bird, Kelly J and Au, Whitlow WL},
  journal={The Journal of the Acoustical Society of America},
  volume={110},
  number={2},
  pages={812--819},
  year={2001},
  publisher={Acoustical Society of America}
}

@article{trenkel2013fisheries,
  title={A fisheries acoustic multi-frequency indicator to inform on large scale spatial patterns of aquatic pelagic ecosystems},
  author={Trenkel, Verena M and Berger, Laurent},
  journal={Ecological indicators},
  volume={30},
  pages={72--79},
  year={2013},
  publisher={Elsevier}
}

@misc{gebco,
  author = {GEBCO},
  title = {GEBCO 30 arc-second grid},
  year = 2014,
  url = {https://www.gebco.net/data_and_products/gridded_bathymetry_data/gebco_30_second_grid/},
  urldate = {2017-01-01}
}

@article{copeland2016influences,
  title={Influences of spatial and temporal variability of sound scattering layers on deep diving odontocete behavior},
  author={Copeland, Adrienne Marie},
  journal={PhD Thesis, University of Hawai'i at Manoa},
  year={2016},
  volume={0}, 
  number={0},
  publisher={University of Hawai'i at Manoa}
}

@article{joseph2020,
  title={Neural hierarchical models of ecological populations},
  author={Joseph, Maxwell B},
  journal={Ecology Letters},
  volume={23},
  number={4},
  pages={734--747},
  year={2020},
  publisher={Wiley Online Library}
}

@article{ranger,
    title = {{ranger}: A Fast Implementation of Random Forests for High Dimensional Data in {C++} and {R}},
    author = {Marvin N. Wright and Andreas Ziegler},
    journal = {Journal of Statistical Software},
    year = {2017},
    volume = {77},
    number = {1},
    pages = {1--17},
    doi = {10.18637/jss.v077.i01},
}

@manual{rcore,
    title = {R: A Language and Environment for Statistical Computing},
    author = {{R Core Team}},
    organization = {R Foundation for Statistical Computing},
    address = {Vienna, Austria},
    year = {2019},
    url = {https://www.R-project.org/},
}

@article{kloser2009acoustic,
  title={Acoustic observations of micronekton fish on the scale of an ocean basin: potential and challenges},
  author={Kloser, Rudy J and Ryan, Tim E and Young, Jock W and Lewis, Mark E},
  journal={ICES Journal of Marine Science},
  volume={66},
  number={6},
  pages={998--1006},
  year={2009},
  publisher={Oxford University Press}
}

@incollection{hays2003review,
  title={A review of the adaptive significance and ecosystem consequences of zooplankton diel vertical migrations},
  author={Hays, Graeme C},
  booktitle={Migrations and Dispersal of Marine Organisms},
  pages={163--170},
  year={2003},
  publisher={Springer}
}

@article{markaida2008food,
  title={Food and feeding of jumbo squid Dosidicus gigas in the central Gulf of California during 2005-2007},
  author={Markaida, Unai and Gilly, William F and Salinas-Zavala, C{\'e}sar A and Rosas-Luis, Rigoberto and Booth, J Ashley T},
  journal={CalCOFI Rep},
  volume={49},
  pages={90--103},
  year={2008}
}

@article{benoit2004diel,
  title={Diel migration dynamics of an island-associated sound-scattering layer},
  author={Benoit-Bird, Kelly J and Au, Whitlow WL},
  journal={Deep Sea Research Part I: Oceanographic Research Papers},
  volume={51},
  number={5},
  pages={707--719},
  year={2004},
  publisher={Elsevier}
}

@article{ressler2007pacific,
  title={Pacific hake, Merluccius productus, autecology: a timely review},
  author={Ressler, Patrick H and Holmes, John A and Fleischer, Guy W and Thomas, Rebecca E and Cooke, Kenneth C},
  journal={Marine Fisheries Review},
  volume={69},
  number={1},
  pages={1},
  year={2007}
}

@article{ressler2005spatial,
  title={The spatial distribution of euphausiid aggregations in the Northern California Current during August 2000},
  author={Ressler, Patrick H and Brodeur, Richard D and Peterson, William T and Pierce, Stephen D and Vance, P Mitchell and R{\o}stad, Anders and Barth, John A},
  journal={Deep Sea Research Part II: Topical Studies in Oceanography},
  volume={52},
  number={1-2},
  pages={89--108},
  year={2005},
  publisher={Elsevier}
}

@book{whitehead1985clupeoid,
  title={Clupeoid Fishes of the World (Suborder Clupeoidei): An annotated and illustrated catalogue of the herrings, sardines, pilchards, sprats, shads, anchovies and wolf-herrings},
  author={Whitehead, Peter JP},
  volume={7},
  year={1985},
  publisher={FAO}
}

@article{davison2015acoustic,
  title={Acoustic biomass estimation of mesopelagic fish: backscattering from individuals, populations, and communities},
  author={Davison, Peter C and Koslow, J Anthony and Kloser, Rudy J},
  journal={ICES Journal of Marine Science},
  volume={72},
  number={5},
  pages={1413--1424},
  year={2015},
  publisher={Oxford University Press}
}

@article{towler2003visualizing,
  title={Visualizing fish movement, behavior, and acoustic backscatter},
  author={Towler, Richard H and Jech, J Michael and Horne, John K},
  journal={Aquatic Living Resources},
  volume={16},
  number={3},
  pages={277--282},
  year={2003},
  publisher={EDP Sciences}
}

@article{jech2012aggregative,
  title={Aggregative patterns of pre-spawning Atlantic herring on Georges Bank from 1999-2010},
  author={Jech, J Michael and Stroman, Francine},
  journal={Aquatic Living Resources},
  volume={25},
  number={1},
  pages={1--14},
  year={2012},
  publisher={EDP Sciences}
}

@article{kaartvedt2009use,
  title={Use of bottom-mounted echo sounders in exploring behavior of mesopelagic fishes},
  author={Kaartvedt, Stein and R{\o}stad, Anders and Klevjer, Thor A and Staby, Arved},
  journal={Marine Ecology Progress Series},
  volume={395},
  pages={109--118},
  year={2009}
}

@article{demer2012prediction,
  title={Prediction and confirmation of seasonal migration of Pacific sardine (Sardinops sagax) in the California Current Ecosystem},
  author={Demer, David A and Zwolinski, Juan P and Byers, Kyle A and Cutter, George R and Renfree, Josiah S and Sessions, Thomas S and Macewicz, Beverly J},
  journal={Fishery Bulletin},
  volume={110},
  number={1},
  pages={52--70},
  year={2012}
}

@article{santora2011spatial,
  title={Spatial organization of krill and seabirds in the central California Current},
  author={Santora, Jarrod A and Ralston, Stephen and Sydeman, William J},
  journal={ICES Journal of Marine Science},
  volume={68},
  number={7},
  pages={1391--1402},
  year={2011},
  publisher={Oxford University Press}
}

@article{zwolinski2011predicting,
  title={Predicting habitat to optimize sampling of Pacific sardine (Sardinops sagax)},
  author={Zwolinski, Juan P and Emmett, Robert L and Demer, David A},
  journal={ICES Journal of Marine Science},
  volume={68},
  number={5},
  pages={867--879},
  year={2011},
  publisher={Oxford University Press}
}

@article{de2010development,
  title={Development and application of an empirical multifrequency method for backscatter classification},
  author={De Robertis, Alex and McKelvey, Denise R and Ressler, Patrick H},
  journal={Canadian Journal of Fisheries and Aquatic Sciences},
  volume={67},
  number={9},
  pages={1459--1474},
  year={2010},
  publisher={NRC Research Press}
}

@article{korneliussen2002operational,
  title={An operational system for processing and visualizing multi-frequency acoustic data},
  author={Korneliussen, Rolf J and Ona, Egil},
  journal={ICES Journal of Marine Science},
  volume={59},
  number={2},
  pages={293--313},
  year={2002},
  publisher={Oxford University Press}
}

@article{benoit2009effects,
  title={The effects of scattering-layer composition, animal size, and numerical density on the frequency response of volume backscatter},
  author={Benoit-Bird, Kelly J},
  journal={ICES Journal of Marine Science},
  volume={66},
  number={3},
  pages={582--593},
  year={2009},
  publisher={Oxford University Press}
}

@article{demer2014corroboration,
  title={Corroboration and refinement of a method for differentiating landings from two stocks of Pacific sardine (Sardinops sagax) in the California Current},
  author={Demer, David A and Zwolinski, Juan P},
  journal={ICES Journal of Marine Science},
  volume={71},
  number={2},
  pages={328--335},
  year={2014},
  publisher={Oxford University Press}
}

@article{powell2015covariability,
  title={Covariability of zooplankton gradients with glider-detected density fronts in the Southern California Current System},
  author={Powell, Jesse R and Ohman, Mark D},
  journal={Deep Sea Research Part II: Topical Studies in Oceanography},
  volume={112},
  pages={79--90},
  year={2015},
  publisher={Elsevier}
}

@article{taylor2012sharp,
  title={Sharp gradients in phytoplankton community structure across a frontal zone in the California Current Ecosystem},
  author={Taylor, Andrew G and Goericke, Ralf and Landry, Michael R and Selph, Karen E and Wick, Daniel A and Roadman, Megan J},
  journal={Journal of Plankton Research},
  volume={34},
  number={9},
  pages={778--789},
  year={2012},
  publisher={Oxford University Press}
}

@article{capotondi2017enso,
  title={ENSO diversity and its implications for US West Coast marine ecosystems},
  author={Capotondi, Antonietta and Karnauskas, Kris and Miller, Arthur and Subramanian, Aneesh},
  journal={US CLIVAR},
  volume={15},
  number={1},
  pages={16--21},
  year={2017}
}

@article{chen2017formation,
  title={Formation mechanism for 2015/16 super El Ni{\~n}o},
  author={Chen, Lin and Li, Tim and Wang, Bin and Wang, Lu},
  journal={Scientific reports},
  volume={7},
  number={2975},
  year={2017},
  publisher={Nature Publishing Group}
}

@article{hu2017extreme,
  title={The extreme El Ni{\~n}o of 2015--2016: the role of westerly and easterly wind bursts, and preconditioning by the failed 2014 event},
  author={Hu, Shineng and Fedorov, Alexey V},
  journal={Climate Dynamics},
  volume={52},
  pages={7339-–7357},
  year={2019},
  publisher={Springer}
}

@article{jacox2016impacts,
  title={Impacts of the 2015--2016 El Ni{\~n}o on the California Current System: Early assessment and comparison to past events},
  author={Jacox, Michael G and Hazen, Elliott L and Zaba, Katherine D and Rudnick, Daniel L and Edwards, Christopher A and Moore, Andrew M and Bograd, Steven J},
  journal={Geophysical Research Letters},
  volume={43},
  number={13},
  pages={7072--7080},
  year={2016},
  publisher={Wiley Online Library}
}

@article{zaba2020volume,
  title={Volume and heat budgets in the coastal California Current System: Means, annual cycles and interannual anomalies of 2014-2016},
  author={Zaba, Katherine and Rudnick, Daniel L and Cornuelle, Bruce and Gopalakrishnan, Ganesh and Mazloff, Matthew},
  journal={Journal of Physical Oceanography},
  number={},
  volume={2020},
  year={2020}
}

@article{RUDNICK201764,
title = "A climatology of the California Current System from a network of underwater gliders",
journal = "Progress in Oceanography",
volume = "154",
pages = "64 - 106",
year = "2017",
issn = "0079-6611",
doi = "https://doi.org/10.1016/j.pocean.2017.03.002",
url = "http://www.sciencedirect.com/science/article/pii/S0079661116302075",
author = "Daniel L. Rudnick and Katherine D. Zaba and Robert E. Todd and Russ E. Davis",
}

@article{KAHRU201594,
title = "Optimized multi-satellite merger of primary production estimates in the California Current using inherent optical properties",
journal = "Journal of Marine Systems",
volume = "147",
pages = "94 - 102",
year = "2015",
note = "The variability of primary production in the ocean: From the synoptic to the global scale. The 45th International Liege Colloquium on Ocean Dynamics, Liege, Belgium, May 13-17, 2013",
issn = "0924-7963",
doi = "https://doi.org/10.1016/j.jmarsys.2014.06.003",
url = "http://www.sciencedirect.com/science/article/pii/S0924796314001547",
author = "Mati Kahru and Michael G. Jacox and Zhongping Lee and Raphael M. Kudela and Marlenne Manzano-Sarabia and B. Greg Mitchell",
}

@article{ROSE2015348,
title = "Demonstration of a fully-coupled end-to-end model for small pelagic fish using sardine and anchovy in the California Current",
journal = "Progress in Oceanography",
volume = "138",
pages = "348 - 380",
year = "2015",
note = "Combining Modeling and Observations to Better Understand Marine Ecosystem Dynamics",
issn = "0079-6611",
doi = "https://doi.org/10.1016/j.pocean.2015.01.012",
url = "http://www.sciencedirect.com/science/article/pii/S0079661115000233",
author = "Kenneth A. Rose and Jerome Fiechter and Enrique N. Curchitser and Kate Hedstrom and Miguel Bernal and Sean Creekmore and Alan Haynie and Shin-ichi Ito and Salvador Lluch-Cota and Bernard A. Megrey and Chris A. Edwards and Dave Checkley and Tony Koslow and Sam McClatchie and Francisco Werner and Alec MacCall and Vera Agostini",
}